@article{brand00aterm,
        Author = {Mark {van den Brand} and Hayco {de Jong} and Paul Klint and Pieter Olivier},
        Date-Added = {2012-12-28 00:45:25 +0000},
        Date-Modified = {2012-12-28 00:47:18 +0000},
        Journal = {Software--Practice and Experience},
        Pages = {259--291},
        Title = {Efficient annotated terms},
        Volume = {30},
        Year = {2000}}

@inproceedings{chawathe96change,
        Author = {Sudarshan S. Chawathe and Anand Rajaraman and Hector Garcia-Molina and Jennifer Widom},
        Booktitle = {Proceedings of the 1996 ACM SIGMOD international conference on Management of data},
        Date-Added = {2012-12-19 18:27:51 +0000},
        Date-Modified = {2012-12-19 18:29:10 +0000},
        Title = {Change detection in hierarchically structured information},
        Year = {1996}}

@article{tai79tree,
        Author = {Kuo-Chung Tai},
        Date-Added = {2012-12-19 18:25:55 +0000},
        Date-Modified = {2012-12-19 18:27:01 +0000},
        Journal = {Journal of the ACM},
        Month = {July},
        Number = {3},
        Pages = {422--433},
        Title = {The Tree-To-Tree Correction Problem},
        Volume = {26},
        Year = {1979}}

@article{selkow77tree,
        Author = {Stanley M. Selkow},
        Date-Added = {2012-12-19 18:24:26 +0000},
        Date-Modified = {2012-12-19 18:27:17 +0000},
        Journal = {Information Processing Letters},
        Month = {December},
        Number = {6},
        Pages = {184--186},
        Title = {The Tree-To-Tree Editing Problem},
        Volume = {6},
        Year = {1977}}


@inproceedings{weissgerber06identify,
        Author = {Peter Wei{\ss}gerber and Stephan Diehl},
        Booktitle = {Proceedings of the 21st IEEE/ACM International Conference on Automated Software Engineering (ASE'06)},
        Date-Added = {2012-12-19 18:16:28 +0000},
        Date-Modified = {2012-12-19 18:22:06 +0000},
        Title = {Identifying Refactorings from Source-Code Changes},
        Year = {2006}}

@inproceedings{kim07automatic,
        Author = {Miryung Kim and David Notkin and Dan Grossman},
        Booktitle = {Proceedings of the 29th international conference on Software Engineering (ICSE'07)},
        Date-Added = {2012-12-19 18:15:05 +0000},
        Date-Modified = {2012-12-19 18:15:59 +0000},
        Title = {Automatic Inference of Structural Changes for Matching across Program Versions},
        Year = {2007}}

@inproceedings{neamtiu05understand,
        Author = {Iulian Neamtiu and Jeffrey S. Foster and Michael Hicks},
        Booktitle = {Proceedings of the 2005 international workshop on Mining software repositories (MSR'05)},
        Date-Added = {2012-12-19 18:12:16 +0000},
        Date-Modified = {2012-12-19 18:13:43 +0000},
        Title = {{Understanding Source Code Evolution Using Abstract Syntax Tree Matching}},
        Year = {2005}}

@article{yang91diff,
        Author = {Wuu Yang},
        Date-Added = {2012-09-13 01:08:55 +0000},
        Date-Modified = {2012-09-13 01:10:24 +0000},
        Journal = {Software--Practice and Experience},
        Month = {July},
        Number = {7},
        Pages = {739--755},
        Title = {Identifying Syntactic Differences Between Two Programs},
        Volume = {21},
        Year = {1991}}

@inproceedings{bulychev08dupe,
	author = {Peter Bulychev and Marius Minea},
	title = {Duplicate code detection using anti-unification},
	booktitle = {Proc. Spring Young Researchers Colloquium on Software Engineering},
	year = 2008
}

@article{plotkin70antiunification,
        author = {Gordon D. Plotkin},
        title = {{A Note on Inductive Generalization}},
        journal = {Machine Intelligence},
        year = 1970,
        pages = {153--163},
        volume = 5
}

@article{reynolds70antiunification,
	author = {John C. Reynolds},
	title = {Transformational systems and the algebraic structure of atomic formulas},
	journal = {{Machine Intelligence}},
	year = 1970,
	volume = 5,
	pages = {135--151}
}